@article{lindstromwedin1984,
author = "Per Lindstr{\"o}m and Per-{\AA}ke Wedin",
title = "A new linesearch algorithm for nonlinear least squares problems",
journal = "Mathematical Programming",
volume = "Vol. 29",
pages = "p268-296",
year = "1984"
}

@article{lindstromwedin1988,
author = "Per Lindstr{\"o}m and Per-{\AA}ke Wedin",
title = "Gauss-\textnormal{N}ewton based algorithms for constrained non linear least squares problems",
journal = "Institute of Information procressing, University of Ume{\aa}, S-910, Ume{\aa}, Sweden",
year = "1988"
}

@article{gillmurray1985,
author = "Philip E. Gill and Walter Murray and Michael A. Saunders and Margaret H. Wright",
title = "Model building and practical aspects of non linear progamming",
journal="Computational Mathematical Programming",
year = "1985",
pages = "p210-247",
volume = "Vol. F15",
publisher = "K. Scbittkowski"
}
