@phdthesis{andreas02,
  author = {A. W{\"a}chter},
  school = {Carnegie Mellon university},
  title  = {An interior point algorithm for large-scale non linear optimization with applications in Process Engineering},
  year   = {2002}
}

@article{audicatoni11,
  author  = {J.-Y. Audibert and O. Catoni},
  title   = {Robust Linear Least Squares Regression},
  journal = {The Annals of Statistics},
  pages   = {2766–2794},
  volume  = {39},
  doi     = {10.1214/11-AOS918},
  year    = {2011}
}


@book{conngoultoin00,
  author    = {A.R. Conn and N.I.M. Gould and {Ph}.L. Toint},
  publisher = {Mathematical Programming Society and SIAM},
  series    = {MPS-SIAM series on Optimization},
  title     = {Trust-Region Methods},
  year      = {2000}
}

@book{dennschn96,
  author    = {J.E. {Dennis Jr} and R.B. Schnabel},
  publisher = {SIAM},
  title     = {Numerical Methods for Unconstrained optimization and Nonlinear Equations},
  year      = {1996}
}

@book{eslii09,
  author    = {T. Hastie and R. Tibshirani and J. Friedman},
  edition   = {Seconde},
  publisher = {Springer},
  series    = {Springer Series in Statistics},
  title     = {The Elements of Statistical Learning: Data Mining, Inference and Prediction},
  year      = {2009}
}


@InProceedings{gillmurray1985,
author="Gill, Philip E.
and Murray, Walter
and Saunders, Michael A.
and Wright, Margaret H.",
editor="Schittkowski, Klaus",
title="Model Building and Practical Aspects of Nonlinear Programming",
booktitle="Computational Mathematical Programming",
year="1985",
publisher="Springer Berlin Heidelberg",
address="Berlin, Heidelberg",
pages="209--247",
isbn="978-3-642-82450-0"
}

@book{goluvanl13,
  author    = {G.H. Golub and C.F. {Van Loan}},
  edition   = {quatrième},
  publisher = {Johns Hopkins University Press},
  title     = {Matrix Computations},
  year      = {2013}
}


@book{hockschi,
  author    = {W. Hock and K. Schittkowski},
  edition   = {Seconde},
  publisher = {Springer},
  series    = {Lecture Notes in Economics and Mathematical Systems},
  volume    = {187},
  title     = {Test Examples for Nonlinear Programming Codes},
  year      = {1980}
}


@InProceedings{jjmore78,
author="Mor{\'e}, Jorge J.",
editor="Watson, G. A.",
title="The {Levenberg-Marquardt} algorithm: Implementation and theory",
booktitle="Numerical Analysis",
year="1978",
publisher="Springer Berlin Heidelberg",
address="Berlin, Heidelberg",
pages="105--116",
isbn="978-3-540-35972-2"
}

@article{johnson08,
  author  = {M.L. Johnson},
  title   = {Nonlinear Least-Squares Fitting Methods},
  journal = {Methods in cell biology},
  pages   = {781--805},
  volume  = {84},
  doi     = {10.1016/S0091-679X(07)84024-6},
  year    = {2008}
} 

@article{lindstromwedin1984,
  author  = {P. Lindstr{\"o}m and P.{\AA}. Wedin},
  journal = {Mathematical Programming},
  pages   = {268--296},
  title   = {A new linesearch algorithm for nonlinear least squares problems},
  volume  = {Vol. 29},
  number = {3},
  year    = {1984}
}

@article{lindwedin88,
  author   = {P. Lindstr{\"o}m and P.{\AA}. Wedin},
  journal  = {Technical Report from the Institute of Information procressing, University of Ume{\aa}, Sweden},
  keywords = {Nonlinear least squares, constraints, Gauss-Newton, quadratic merit function, subspace minimization},
  title    = {{Gauss-Newton} based algorithms for constrained nonlinear least squares problems},
  year     = {1988}
}

@article{merrittzhang05,
  author  = {M. Merritt and Y. Zhang},
  title   = {Interior-Point Gradient Method for Large-Scale Totally Non negative Least Squares Problems},
  journal = {Journal of optimization theory and applications},
  pages   = {191--202},
  volume  = {126},
  doi     = {10.1007/s10957-005-2668-z},
  year    = {2005}
}

@book{nocewrig99,
  author    = {J. Nocedal and S.J. Wright},
  edition   = {Seconde},
  publisher = {Springer},
  series    = {Springer series in Operation Reasearch and Financial Engineering},
  title     = {Numerical optimization},
  year      = {1999}
}

@article{orbansiq20,
  author   = {D. Orban and A.S. Siqueira},
  journal  = {Computational Optimization and Application},
  keywords = {Regularization, least squares problems nonlinear least squares constrained nonlinear least squares, Julia},
  pages    = {961--989},
  title    = {A regularization method for constrained nonlinear least squares},
  volume   = {76},
  year     = {2020}
}

@article{schitt88,
  author  = {K. Schittkowski},
  journal = {Trends in Mathematical Optimization},
  pages   = {294--309},
  title   = {Solving Constrained Nonlinear Least Squares Problems by a General Purpose {SQP}-Method},
  volume  = {84},
  isbn = {978-3-0348-9984-0},
  doi = {10.1007/978-3-0348-9297-1_19},
  year    = {1988}
}

@article{yamafuku01,
  author  = {N. Yamashita and M. Fukushima},
  title   = {On the rate of convergence of the {Levenberg-Marquardt} method},
  journal = {Computing},
  pages   = {237--249},
  volume  = {(Supplement) 15},
  year    = {2001}
}

@article{yuan11,
  author  = {Y. Yuan},
  title   = {Recent Advances in numerical methods for nonlinear equations and non linear least squares},
  journal = {Numerical Algebra, Control and Optimization},
  pages   = {15--34},
  volume  = {1},
  doi     = {10.3934/naco.2011.1.15},
  year    = {2011}
}

@article{Julia-2017,
    title={Julia: A fresh approach to numerical computing},
    author={Bezanson, Jeff and Edelman, Alan and Karpinski, Stefan and Shah, Viral B},
    journal={SIAM {R}eview},
    volume={59},
    number={1},
    pages={65--98},
    year={2017},
    publisher={SIAM},
    doi={10.1137/141000671},
    url={https://epubs.siam.org/doi/10.1137/141000671}
}

@article{hansonkrogh92, 
author = {Hanson, R. J. and Krogh, Fred T.}, 
title = {A Quadratic-Tensor Model Algorithm for Nonlinear Least-Squares Problems with Linear Constraints}, 
year = {1992}, 
issue_date = {June 1992}, 
publisher = {Association for Computing Machinery}, 
address = {New York, NY, USA}, 
volume = {18}, 
number = {2}, 
issn = {0098-3500}, 
url = {https://doi.org/10.1145/146847.146857}, 
doi = {10.1145/146847.146857}, 
journal = {ACM Trans. Math. Softw.}, 
month = {jun}, 
pages = {115–133}, 
numpages = {19}, 
keywords = {nonlinear least-squares, constrained least squares} }